%% This BibTeX bibliography file was created using BibDesk.
%% http://bibdesk.sourceforge.net/

%% Created for zhangshuofan at 2018-04-28 23:41:47 +1000 


%% Saved with string encoding Unicode (UTF-8) 


@comment{jabref-meta: databaseType:bibtex;}

@article{G1981,
  title={Some properties of time series data and their use in econometric model specification},
  author={Granger, Clive WJ},
  journal={Journal of econometrics},
  volume={16},
  number={1},
  pages={121--130},
  year={1981},
  publisher={North-Holland}
}

@incollection{G1983,
  title={Time series analysis of error-correction models},
  author={Granger, Clive WJ and Weiss, Andrew A},
  booktitle={Studies in econometrics, time series, and multivariate statistics},
  pages={255--278},
  year={1983},
  publisher={Elsevier}
}

@article{E1987,
  title={Co-integration and error correction: representation, estimation, and testing},
  author={Engle, Robert F and Granger, Clive WJ},
  journal={Econometrica: journal of the Econometric Society},
  pages={251--276},
  year={1987},
  publisher={JSTOR}
}

