%% This BibTeX bibliography file was created using BibDesk.
%% http://bibdesk.sourceforge.net/

%% Created for zhangshuofan at 2018-04-28 23:41:47 +1000 


%% Saved with string encoding Unicode (UTF-8) 


@comment{jabref-meta: databaseType:bibtex;}

@article{perron1989,
  title={The great crash, the oil price shock, and the unit root hypothesis},
  author={Perron, Pierre},
  journal={Econometrica: Journal of the Econometric Society},
  pages={1361--1401},
  year={1989},
  publisher={JSTOR}
}

@article{zivot2002,
  title={Further evidence on the great crash, the oil-price shock, and the unit-root hypothesis},
  author={Zivot, Eric and Andrews, Donald W K},
  journal={Journal of business \& economic statistics},
  volume={20},
  number={1},
  pages={25--44},
  year={2002},
  publisher={Taylor \& Francis}
}

@article{nelson1982,
  title={Trends and random walks in macroeconmic time series: some evidence and implications},
  author={Nelson, Charles R and Plosser, Charles R},
  journal={Journal of monetary economics},
  volume={10},
  number={2},
  pages={139--162},
  year={1982},
  publisher={Elsevier}
}